{
  "leader": "02832cam a2200541 i 4500",
  "fields": [
    {
      "001": "ocm02598401\\"
    },
    {
      "003": "OCoLC"
    },
    {
      "005": "20230105163230.0"
    },
    {
      "008": "761023s1977\\\\\\\\ne\\ad\\\\\\\\b\\\\\\\\101\\0\\eng\\\\"
    },
    {
      "010": {
        "ind1": "\\",
        "ind2": "\\",
        "subfields": [
          {
            "a": "   76049821 "
          }
        ]
      }
    },
    {
      "040": {
        "ind1": "\\",
        "ind2": "\\",
        "subfields": [
          {
            "a": "DLC"
          },
          {
            "b": "eng"
          },
          {
            "c": "DLC"
          },
          {
            "d": "NLM"
          },
          {
            "d": "OCL"
          },
          {
            "d": "MUQ"
          },
          {
            "d": "OCLCQ"
          },
          {
            "d": "NLGGC"
          },
          {
            "d": "BTCTA"
          },
          {
            "d": "DEBBG"
          },
          {
            "d": "BDX"
          },
          {
            "d": "OCLCO"
          },
          {
            "d": "OCLCF"
          },
          {
            "d": "OCLCQ"
          },
          {
            "d": "OCL"
          },
          {
            "d": "OCLCQ"
          },
          {
            "d": "YDXCP"
          },
          {
            "d": "OCLCQ"
          },
          {
            "d": "OCLCO"
          },
          {
            "d": "MUX"
          },
          {
            "d": "OCLCA"
          },
          {
            "d": "GILDS"
          },
          {
            "d": "CEF"
          },
          {
            "d": "TKN"
          },
          {
            "d": "XFF"
          },
          {
            "d": "CAI"
          },
          {
            "d": "OCLCQ"
          },
          {
            "d": "OCLCA"
          },
          {
            "d": "UKBTH"
          },
          {
            "d": "AGL"
          },
          {
            "d": "OCLCO"
          },
          {
            "d": "OCL"
          }
        ]
      }
    },
    {
      "016": {
        "ind1": "7",
        "ind2": "\\",
        "subfields": [
          {
            "a": "7611598"
          },
          {
            "2": "DNLM"
          }
        ]
      }
    },
    {
      "016": {
        "ind1": "7",
        "ind2": "\\",
        "subfields": [
          {
            "a": "B7702847"
          },
          {
            "2": "bccb"
          }
        ]
      }
    },
    {
      "020": {
        "ind1": "\\",
        "ind2": "\\",
        "subfields": [
          {
            "a": "0720406080"
          }
        ]
      }
    },
    {
      "020": {
        "ind1": "\\",
        "ind2": "\\",
        "subfields": [
          {
            "a": "9780720406085"
          }
        ]
      }
    },
    {
      "035": {
        "ind1": "\\",
        "ind2": "\\",
        "subfields": [
          {
            "a": "(OCoLC)2598401"
          }
        ]
      }
    },
    {
      "050": {
        "ind1": "0",
        "ind2": "0",
        "subfields": [
          {
            "a": "QH448.4"
          },
          {
            "b": ".E96 1976"
          }
        ]
      }
    },
    {
      "082": {
        "ind1": "0",
        "ind2": "0",
        "subfields": [
          {
            "a": "589.908732"
          },
          {
            "b": "EUR"
          }
        ]
      }
    },
    {
      "111": {
        "ind1": "2",
        "ind2": "\\",
        "subfields": [
          {
            "a": "European Meeting on Bacterial Transformation and Transfection"
          },
          {
            "n": "(3rd :"
          },
          {
            "d": "1976 :"
          },
          {
            "c": "Granada, Spain)"
          }
        ]
      }
    },
    {
      "245": {
        "ind1": "1",
        "ind2": "0",
        "subfields": [
          {
            "a": "Modern trends in bacterial transformation and transfection :"
          },
          {
            "b": "proceedings of the third European Meeting on Bacterial Transformation and Transfection, Granada, Spain, August 31-September 3, 1976 /"
          },
          {
            "c": "editors, A. Portole\u0301s, R. Lo\u0301pez, M. Espinosa."
          }
        ]
      }
    },
    {
      "260": {
        "ind1": "\\",
        "ind2": "\\",
        "subfields": [
          {
            "a": "Amsterdam :"
          },
          {
            "b": "North-Holland Publishing Company,"
          },
          {
            "c": "1977."
          }
        ]
      }
    },
    {
      "300": {
        "ind1": "\\",
        "ind2": "\\",
        "subfields": [
          {
            "a": "x, 329 pages :"
          },
          {
            "b": "illustrations, charts ;"
          },
          {
            "c": "25 cm"
          }
        ]
      }
    },
    {
      "336": {
        "ind1": "\\",
        "ind2": "\\",
        "subfields": [
          {
            "a": "text"
          },
          {
            "b": "txt"
          },
          {
            "2": "rdacontent"
          }
        ]
      }
    },
    {
      "337": {
        "ind1": "\\",
        "ind2": "\\",
        "subfields": [
          {
            "a": "unmediated"
          },
          {
            "b": "n"
          },
          {
            "2": "rdamedia"
          }
        ]
      }
    },
    {
      "338": {
        "ind1": "\\",
        "ind2": "\\",
        "subfields": [
          {
            "a": "volume"
          },
          {
            "b": "nc"
          },
          {
            "2": "rdacarrier"
          }
        ]
      }
    },
    {
      "504": {
        "ind1": "\\",
        "ind2": "\\",
        "subfields": [
          {
            "a": "Includes bibliographical references and index."
          }
        ]
      }
    },
    {
      "650": {
        "ind1": "\\",
        "ind2": "0",
        "subfields": [
          {
            "a": "Bacterial transformation"
          },
          {
            "v": "Congresses."
          }
        ]
      }
    },
    {
      "650": {
        "ind1": "\\",
        "ind2": "0",
        "subfields": [
          {
            "a": "Transfection"
          },
          {
            "v": "Congresses."
          }
        ]
      }
    },
    {
      "650": {
        "ind1": "\\",
        "ind2": "0",
        "subfields": [
          {
            "a": "Microbial genetics."
          }
        ]
      }
    },
    {
      "650": {
        "ind1": "\\",
        "ind2": "0",
        "subfields": [
          {
            "a": "Transfection."
          }
        ]
      }
    },
    {
      "650": {
        "ind1": "\\",
        "ind2": "0",
        "subfields": [
          {
            "a": "Bacterial transformation"
          },
          {
            "x": "Congresses."
          }
        ]
      }
    },
    {
      "650": {
        "ind1": "\\",
        "ind2": "0",
        "subfields": [
          {
            "a": "Transfection"
          },
          {
            "x": "Congresses."
          }
        ]
      }
    },
    {
      "650": {
        "ind1": "\\",
        "ind2": "2",
        "subfields": [
          {
            "a": "Genetics, Microbial"
          }
        ]
      }
    },
    {
      "650": {
        "ind1": "\\",
        "ind2": "2",
        "subfields": [
          {
            "a": "Transfection"
          }
        ]
      }
    },
    {
      "650": {
        "ind1": "\\",
        "ind2": "7",
        "subfields": [
          {
            "a": "Microbial genetics."
          },
          {
            "2": "fast"
          },
          {
            "0": "(OCoLC)fst01019500"
          }
        ]
      }
    },
    {
      "650": {
        "ind1": "\\",
        "ind2": "7",
        "subfields": [
          {
            "a": "Bacterial transformation."
          },
          {
            "2": "fast"
          },
          {
            "0": "(OCoLC)fst00825243"
          }
        ]
      }
    },
    {
      "650": {
        "ind1": "\\",
        "ind2": "7",
        "subfields": [
          {
            "a": "Transfection."
          },
          {
            "2": "fast"
          },
          {
            "0": "(OCoLC)fst01154588"
          }
        ]
      }
    },
    {
      "655": {
        "ind1": "\\",
        "ind2": "2",
        "subfields": [
          {
            "a": "Congress"
          }
        ]
      }
    },
    {
      "655": {
        "ind1": "\\",
        "ind2": "7",
        "subfields": [
          {
            "a": "Conference papers and proceedings."
          },
          {
            "2": "fast"
          },
          {
            "0": "(OCoLC)fst01423772"
          }
        ]
      }
    },
    {
      "655": {
        "ind1": "\\",
        "ind2": "7",
        "subfields": [
          {
            "a": "Conference papers and proceedings."
          },
          {
            "2": "lcgft"
          }
        ]
      }
    },
    {
      "700": {
        "ind1": "1",
        "ind2": "\\",
        "subfields": [
          {
            "a": "Portole\u0301s Alonso, Antonio."
          }
        ]
      }
    },
    {
      "700": {
        "ind1": "1",
        "ind2": "\\",
        "subfields": [
          {
            "a": "Lo\u0301pez, R."
          }
        ]
      }
    },
    {
      "700": {
        "ind1": "1",
        "ind2": "\\",
        "subfields": [
          {
            "a": "Espinosa, M."
          }
        ]
      }
    },
    {
      "776": {
        "ind1": "0",
        "ind2": "8",
        "subfields": [
          {
            "i": "Online version:"
          },
          {
            "a": "European Meeting on Bacterial Transformation and Transfection (3rd : 1976 : Granada, Spain)."
          },
          {
            "t": "Modern trends in bacterial transformation and transfection."
          },
          {
            "d": "Amsterdam ; New York : North-Holland Pub. Co. : Sole distributors for the U.S.A. and Canada, Elsevier/North-Holland, 1977"
          },
          {
            "w": "(OCoLC)557702684"
          }
        ]
      }
    },
    {
      "776": {
        "ind1": "0",
        "ind2": "8",
        "subfields": [
          {
            "i": "Online version:"
          },
          {
            "a": "European Meeting on Bacterial Transformation and Transfection (3rd : 1976 : Granada, Spain)."
          },
          {
            "t": "Modern trends in bacterial transformation and transfection."
          },
          {
            "d": "Amsterdam ; New York : North-Holland Pub. Co. : Sole distributors for the U.S.A. and Canada, Elsevier/North-Holland, 1977"
          },
          {
            "w": "(OCoLC)607846713"
          }
        ]
      }
    },
    {
      "994": {
        "ind1": "\\",
        "ind2": "\\",
        "subfields": [
          {
            "a": "Z0"
          },
          {
            "b": "NYRVC"
          }
        ]
      }
    },
    {
      "948": {
        "ind1": "\\",
        "ind2": "\\",
        "subfields": [
          {
            "h": "NO HOLDINGS IN NYRVC - 177 OTHER HOLDINGS"
          }
        ]
      }
    },
    {
      "999": {
        "ind1": "\\",
        "ind2": "\\",
        "subfields": [
          {
            "a": "00000000013128"
          }
        ]
      }
    }
  ]
}